<?xml version="1.0" encoding="UTF-8" ?>
<collection xmlns:xsi="http://www.w3.org/2001/XMLSchema-instance"
    xsi:schemaLocation="http://www.loc.gov/MARC21/slim
        http://www.loc.gov/standards/marcxml/schema/MARC21slim.xsd"
    xmlns="http://www.loc.gov/MARC21/slim">
<record>
  <leader>00212cam a2200385 i 4500</leader>
  <controlfield tag="001">b12776750</controlfield>
  <controlfield tag="003">LeBAU</controlfield>
  <controlfield tag="005">20180608</controlfield>
  <controlfield tag="008">971125s1927    ua            ||0 0 ara d</controlfield>
  <datafield tag="035" ind1=" " ind2=" ">
    <subfield code="a">ocn784510931</subfield>
  </datafield>
  <datafield tag="040" ind1=" " ind2=" ">
    <subfield code="a">LEAUB</subfield>
    <subfield code="b">ara</subfield>
    <subfield code="e">rda</subfield>
    <subfield code="c">LEAUB</subfield>
    <subfield code="d">LEAUB</subfield>
  </datafield>
  <datafield tag="082" ind1="0" ind2="4">
    <subfield code="a">529.3</subfield>
    <subfield code="2">20</subfield>
  </datafield>
  <datafield tag="100" ind1="1" ind2=" ">
    <subfield code="6">880-01</subfield>
    <subfield code="a">Khaymī al-Dimashqī, Ḥasan Wafqī,</subfield>
    <subfield code="e">author.</subfield>
  </datafield>
  <datafield tag="245" ind1="1" ind2="0">
    <subfield code="6">880-02</subfield>
    <subfield code="a">Taqwīm al-minhāj al-qawīm :</subfield>
    <subfield code="b">shamsī hijrī - qamarī hijrī - shamsī mīlādī /</subfield>
    <subfield code="c">ta’līf Ḥasan Wifqī Bik Āl al-Qāḍī al-maʻrūf bi-al-Khaymī al-Dimashqī.</subfield>
  </datafield>
  <datafield tag="264" ind1=" " ind2="1">
    <subfield code="6">880-03</subfield>
    <subfield code="a">al-Qāhirah :</subfield>
    <subfield code="b">al-Maṭbaʻah al-Salafīyah wa-Maktabatuhā,</subfield>
    <subfield code="c">1345 H. = 1927 M.</subfield>
  </datafield>
  <datafield tag="300" ind1=" " ind2=" ">
    <subfield code="6">880-04</subfield>
    <subfield code="a">374 pages ;</subfield>
    <subfield code="c">20 cm</subfield>
  </datafield>
  <datafield tag="336" ind1=" " ind2=" ">
    <subfield code="a">text</subfield>
    <subfield code="b">txt</subfield>
    <subfield code="2">rdacontent</subfield>
  </datafield>
  <datafield tag="337" ind1=" " ind2=" ">
    <subfield code="a">unmediated</subfield>
    <subfield code="b">n</subfield>
    <subfield code="2">rdamedia</subfield>
  </datafield>
  <datafield tag="338" ind1=" " ind2=" ">
    <subfield code="a">volume</subfield>
    <subfield code="b">nc</subfield>
    <subfield code="2">rdacarrier</subfield>
  </datafield>
  <datafield tag="500" ind1=" " ind2=" ">
    <subfield code="a">جداول.</subfield>
  </datafield>
  <datafield tag="520" ind1="3" ind2=" ">
    <subfield code="a">"يتناول هذا الكتاب التقويم الشمسي الهجري، والقمري الهجري، والشمسي الميلاي، ويتحدث هذا الكتاب عن: الأصول الجديدة فى توفيق وتطبيق التواريخ الإسلامية والنصرانية جدول 1،2،3 لتحويل التاريخ القمرى الهجرى إلى الميلادى والميلادى إلى القمرى الهجرى ولاستخراج التاريخ المالى العثمانى ولاستخراج اسم اليوم لأى تاريخ، والتفاوت بين السنة الشمسية والقمرية، وبيان ما بين رأسى السنتين القمرية الهجرية والشمسية الميلادية، وبيان ما بين مبدأى السنتين الهجريتين: الشمسية والقمرية، وكيفية استخراج السنة الميلادية من السنة القمرية الهجرية، وبيان مدة السنة القمرية، وكيفية استخراج البسيطة والكبيسة فى سنى الهجرية القمرية، وكيفية استخراج أول يوم من سنى التاريخ الهجرى الشمسى، وطريق ثان لاستخراج اسم أول يوم من السنة الهجرية الشمسية، وطريقة سهلة لاستخراج رأس السنة الشمسية الهجرية، وبيان أيام شهور السنة الميلادية، وكيفية تصحيح التاريخ الميلادى، واسماء الأشهر الإفرنجية فى اللغة العربية والكلدانية والانكليزية والفرنسية، وكيفية استخراج اسم أول يوم من السنة الميلادية الغربية، وكيفية استخراج اسم أول يوم من الشهر الميلادى... "</subfield>
  </datafield>
  <datafield tag="588" ind1=" " ind2=" ">
    <subfield code="a">هذا المستخلص أخذ من http://www.nooonbooks.dz/تقويم-المنهاج-القويم-شمس-هجري-قمري-هجري-شمسي-ميلادي-.html (تاريخ زيارة الموقع: 2018-06-08)</subfield>
  </datafield>
  <datafield tag="650" ind1=" " ind2="4">
    <subfield code="a">التقويم الهجري.</subfield>
  </datafield>
  <datafield tag="650" ind1=" " ind2="4">
    <subfield code="a">الكنيسة، تقويم.</subfield>
  </datafield>
  <datafield tag="650" ind1=" " ind2="0">
    <subfield code="a">Islamic calendar.</subfield>
  </datafield>
  <datafield tag="650" ind1=" " ind2="0">
    <subfield code="a">Church calendar.</subfield>
  </datafield>
  <datafield tag="852" ind1=" " ind2=" ">
    <subfield code="a">Jafet Library</subfield>
    <subfield code="e">American University of Beirut, Bliss Street , Beirut, Lebanon.</subfield>
  </datafield>
  <datafield tag="880" ind1="1" ind2=" ">
    <subfield code="6">100-01/(3/r</subfield>
    <subfield code="a">الخيمي الدمشقي، حسن وفقي،</subfield>
    <subfield code="e">مؤلف. </subfield>
    <subfield code="4">aut.</subfield>
  </datafield>
  <datafield tag="880" ind1="1" ind2="0">
    <subfield code="6">245-02/(3/r</subfield>
    <subfield code="a">تقويم المنهاج القويم :</subfield>
    <subfield code="b">شمسي هجري - قمري هجري - شمسي ميلادي /</subfield>
    <subfield code="c">تأليف حسن وفقى بك آل القاضي المعروف بالخيمي الدمشقي</subfield>
  </datafield>
  <datafield tag="880" ind1=" " ind2="1">
    <subfield code="6">264-03/(3/r</subfield>
    <subfield code="a">القاهرة :</subfield>
    <subfield code="b">المطبعة السلفية ومكتبتها،</subfield>
    <subfield code="c">1345 هـ. = 1927 م.</subfield>
  </datafield>
  <datafield tag="880" ind1=" " ind2=" ">
    <subfield code="6">300-04/(3/r</subfield>
    <subfield code="a">374 صفحة ؛</subfield>
    <subfield code="c">20 سم</subfield>
  </datafield>
  <datafield tag="907" ind1=" " ind2=" ">
    <subfield code="a">.b12776750</subfield>
    <subfield code="b">18-06-08</subfield>
    <subfield code="c">11-05-24</subfield>
  </datafield>
  <datafield tag="907" ind1=" " ind2=" ">
    <subfield code="a">.b12776750</subfield>
    <subfield code="b">15-10-15</subfield>
    <subfield code="c">11-05-24</subfield>
  </datafield>
  <datafield tag="945" ind1=" " ind2=" ">
    <subfield code="f">J</subfield>
    <subfield code="a">529.3:A11tA:c.1</subfield>
    <subfield code="g">1</subfield>
    <subfield code="i">01068365</subfield>
    <subfield code="j">.i13360814</subfield>
    <subfield code="l">u0503</subfield>
  </datafield>
  <datafield tag="998" ind1=" " ind2=" ">
    <subfield code="a">u05</subfield>
    <subfield code="b">97-11-25</subfield>
    <subfield code="c">m</subfield>
    <subfield code="d">a  </subfield>
    <subfield code="e">-</subfield>
    <subfield code="f">ara</subfield>
    <subfield code="g">ua </subfield>
    <subfield code="h">0</subfield>
    <subfield code="i">1</subfield>
  </datafield>
</record>
</collection>
